% This file was created with JabRef 2.7b.
% Encoding: ISO-8859-15

@INPROCEEDINGS{Bertran2010,
  author = {Bertran, R. and Becerra, Y. and Carrera, D. and Beltran, V. and Gonzalez,
	M. and Martorell, X. and Torres, J. and Ayguade, E.},
  title = {Accurate energy accounting for shared virtualized environments using
	PMC-based power modeling techniques},
  booktitle = {Proc. 11th IEEE/ACM Int Grid Computing (GRID) Conf},
  year = {2010},
  pages = {1--8},
  __markedentry = {[Johannes Weiï¿½:6]},
  doi = {10.1109/GRID.2010.5697889},
  owner = {Johannes Weiï¿½},
  timestamp = {08.07.2011}
}

@INPROCEEDINGS{bertran2010decomposable,
  author = {Bertran, R. and Gonzalez, M. and Martorell, X. and Navarro, N. and
	Ayguade, E.},
  title = {Decomposable and responsive power models for multicore processors
	using performance counters},
  booktitle = {Proceedings of the 24th ACM International Conference on Supercomputing},
  year = {2010},
  pages = {147--158},
  organization = {ACM}
}

@MANUAL{NIManual2009,
  title = "{N}{I} USB-621x {U}ser {M}anual",
  organization = "{N}ational {I}nstruments {C}orporation",
  edition = {April 2009},
  month = {April},
  year = {2009},
  owner = {Johannes Weiß},
  timestamp = {30.07.2011},
  url = {http://www.ni.com/pdf/manuals/371931f.pdf}
}

@MANUAL{NISpec2009,
  title = "{N}{I} USB-621x {S}pecifications",
  organization = "{N}ational {I}nstruments {C}orporation",
  edition = {Apr2009},
  month = {April},
  year = {2009},
  owner = {Johannes Weiß},
  timestamp = {30.07.2011},
  url = {www.ni.com/pdf/manuals/371932f.pdf}
}

@OTHER{kellner03tempcontrol,
  address = {Operating System Group, University of Erlangen, Germany},
  author = {Simon Kellner},
  month = apr # {~30},
  title = {Event-Driven Temperatur Control in Operating Systems},
  type = {Study Thesis},
  url = {http://www4.informatik.uni-erlangen.de/SA/pdf/SA-I4-2003-02-Kellner.pdf},
  year = {2003}
}

@ARTICLE{Milenkovic2004,
  author = {Milenkovic, M. and Milenkovic, A. and Kulick, J.},
  title = {Microbenchmarks for determining branch predictor organization},
  journal = {Software Practice and Experience},
  year = {2004},
  volume = {34},
  pages = {465--487},
  number = {5},
  publisher = {Citeseer}
}

@INPROCEEDINGS{Milenkovic2002,
  author = {Milenkovic, M. and Milenkovic, A. and Kulick, J.},
  title = {Demystifying Intel branch predictors},
  booktitle = {Workshop on Duplicating, Deconstructing and Debunking},
  year = {2002},
  organization = {Citeseer},
  owner = {Johannes Weiï¿½},
  timestamp = {08.07.2011}
}

@comment{jabref-meta: selector_publisher:}

@comment{jabref-meta: selector_author:}

@comment{jabref-meta: selector_journal:}

@comment{jabref-meta: selector_keywords:}

