% This file was created with JabRef 2.7b.
% Encoding: ISO-8859-15

@INPROCEEDINGS{Bertran2010,
  author = {Bertran, R.  and Becerra, Y.  and Carrera, D.  and Beltran, V.  and
	Gonzalez, M.  and Martorell, X.  and Torres, J.  and Ayguade, E.},
  title = {Accurate energy accounting for shared virtualized environments using
	PMC-based power modeling techniques},
  booktitle = {Proc. 11th IEEE/ACM Int Grid Computing (GRID) Conf},
  year = {2010},
  pages = {1--8},
  __markedentry = {[Johannes Weiﬂ:6]},
  doi = {10.1109/GRID.2010.5697889},
  owner = {Johannes Weiﬂ},
  timestamp = {08.07.2011}
}

@ARTICLE{Milenkovic2004,
  author = {Milenkovic, M. and Milenkovic, A. and Kulick, J.},
  title = {Microbenchmarks for determining branch predictor organization},
  journal = {Software Practice and Experience},
  year = {2004},
  volume = {34},
  pages = {465--487},
  number = {5},
  publisher = {Citeseer}
}

@INPROCEEDINGS{Milenkovic2002,
  author = {Milenkovic, M. and Milenkovic, A. and Kulick, J.},
  title = {Demystifying Intel branch predictors},
  booktitle = {Workshop on Duplicating, Deconstructing and Debunking},
  year = {2002},
  organization = {Citeseer},
  owner = {Johannes Weiﬂ},
  timestamp = {08.07.2011}
}

@comment{jabref-meta: selector_publisher:}

@comment{jabref-meta: selector_author:}

@comment{jabref-meta: selector_journal:}

@comment{jabref-meta: selector_keywords:}

